<record xmlns:xsi="http://www.w3.org/2001/XMLSchema-instance" xmlns="http://www.loc.gov/MARC21/slim" xsi:schemaLocation="http://www.loc.gov/MARC21/slim http://www.loc.gov/standards/marcxml/schema/MARC21slim.xsd">

  <leader>01379nab a2200169   4500</leader>
  <controlfield tag="005">20160317162237.0</controlfield>
  <controlfield tag="008">150701b2001    cr f|||| |||| 00| 0 spa d</controlfield>
  <datafield ind1=" " ind2=" " tag="090">
    <subfield code="a">REVIS 06.02.01</subfield>
  </datafield>
  <datafield ind2=" " ind1="1" tag="100">
    <subfield code="9">205</subfield>
    <subfield code="a">Soto Calderón, Ronald</subfield>
  </datafield>
  <datafield tag="245" ind2="3" ind1="1">
    <subfield code="a">La evaluación de las personas con autismo /</subfield>
    <subfield code="c">Ronald Soto Calderón</subfield>
  </datafield>
  <datafield tag="260" ind2=" " ind1=" ">
    <subfield code="a">San José, Costa Rica :</subfield>
    <subfield code="b">Editorial Universidad de Costa Rica,</subfield>
    <subfield code="c">2001</subfield>
  </datafield>
  <datafield tag="300" ind2=" " ind1=" ">
    <subfield code="a">páginas 103-110</subfield>
  </datafield>
  <datafield ind2=" " ind1=" " tag="520">
    <subfield code="a">Este artículo pretende brindar elementos básicos que deben ser utilizados en el desarrollo de procesos de evaluación de personas con autismo, la idea es ir dando sentido al diagnóstico realizado por los profesionales, e ir desarrollando estrategias compartidas tanto por docentes (principalmente de Educación Especial) como a psicólogos y otros profesionales involucrados en el trabajo de personas con autismo, de tal manera que se le dé la importancia que se persigue con el trabajo en equipo. Este artículo es ua primera parte donde se abordan conceptos y aspectos generales del  diagnóstico, posteriormente se hará referencia a técnicas y métodos específicos utilizados en el diagnóstico de personas con autismo</subfield>
  </datafield>
  <datafield tag="650" ind2="4" ind1="1">
    <subfield code="9">1</subfield>
    <subfield code="a">EDUCACIÓN</subfield>
  </datafield>
  <datafield ind1="0" ind2=" " tag="773">
    <subfield code="d">San José, Costa Rica : Editorial de la Universidad de Costa Rica, 1997-</subfield>
    <subfield code="o">R0054</subfield>
    <subfield code="t">EDUCACIÓN: Revista de la Universidad de Costa Rica</subfield>
    <subfield code="g">Vol.25, no.1  (2001)</subfield>
  </datafield>
  <datafield ind1=" " ind2=" " tag="942">
    <subfield code="2">z</subfield>
    <subfield code="c">10</subfield>
  </datafield>
  <datafield tag="999" ind1=" " ind2=" ">
    <subfield code="c">2718</subfield>
    <subfield code="d">2718</subfield>
  </datafield>
</record>